@manual{aodvrfc2003,
	author = {C. Perkins and E. Belding-Royer and S. Das},
	year = {2003},
	title = {Ad hoc On-Demand Distance Vector (AODV) Routing},
	note = {\url{http://www.ietf.org/rfc/rfc3561.txt}},
	organization = {Network Working Group}
}

@misc{visualvm,
	author = {Jiri Sedlacek and Tomas Hurka},
	year = {2012},
	title = {VisualVM 1.3.5},
	note = {\url{https://visualvm.java.net/}}
}

@manual{hibernatelocking,
	author = {{Red Hat, Inc.}},
	year = {2011},
	title = {Hibernate Community Documentation},
	note = {\url{http://docs.jboss.org/hibernate/orm/4.0/devguide/en-US/html/ch05.html}},
}

@manual{h2locking,
	author = {H2 Team},
	year = {2013},
	title = {H2 Advanced},
	note = {\url{http://www.h2database.com/html/advanced.html#transaction_isolation}}
}

@misc{dependencyinjection,
	author = {Martin Fowler},
	year = {2004},
	title = {Inversion of Control Containers and the Dependency Injection pattern},
	note = {\url{http://martinfowler.com/articles/injection.html}}
}

@misc{googleguice,
	author = {Bob Lee and Kevin B and Jesse Wilson and Christian Gruber},
	year = {2011},
	title = {google-guice},
	note = {\url{https://code.google.com/p/google-guice/}}
}

@misc{googleplay,
	author = {Google},
	year = {2013},
	title = {Google play},
	note = {\url{https://play.google.com/store}}
}

@misc{flexjson,
	author = {Charlie Hubbard},
	year = {2010},
	title = {Flexjson },
	note = {\url{http://flexjson.sourceforge.net/}}
}

@article{mvvm,
	author = {Josh Smith},
	year = {2009},
	title = {WPF-Anwendungen mit dem Model-View-ViewModel-Entwurfsmuster},
	journal = {MSDN Magazin},
	month = feb,
	note = {\url{http://msdn.microsoft.com/de-de/magazine/dd419663.aspx}}
}

@misc{caliburnmicro,
	author = {Rob Eisenberg},
	year = {2012},
	title = {Caliburn.Micro},
	note = {\url{http://caliburnmicro.codeplex.com/}}
}

@misc{activiti,
	author = {Tijs Rademakers},
	year = {2013},
	title = {Activiti BPM Platform},
	note = {\url{http://www.activiti.org/}}
}

@misc{smarty,
	author = {{New Digital Group, Inc.}},
	year = {2013},
	title = {smarty Template Engine},
	note = {\url{http://www.smarty.net/}}
}

@misc{netbeans,
	author = {{Oracle Corporation}},
	year = {2013},
	title = {NetBeans IDE},
	note = {\url{http://netbeans.org/}}
}

@misc{phpdoc,
	author = {Ulf Wendel},
	year = {2000},
	title = {PHPDoc},
	note = {\url{http://www.phpdoc.de/}}
}

@misc{doctrine,
	author = {Jonathan H. Wage and Guilherme Blanco and Benjamin Eberlei and Bulat Shakirzyanov and Juozas Kaziukenas},
	year = {2013},
	title = {doctrine},
	note = {\url{http://www.doctrine-project.org/}}
}

@misc{jersey,
	author = {Jersey Team},
	year = {2013},
	title = {Project Kenai},
	note = {\url{https://jersey.java.net/}}
}
