@book{61,
 year = {2009},
 title = {Modul p{\"a}dagogische Psychologie},
 address = {Bad Heilbrunn},
 publisher = {Klinkhardt},
 isbn = {978-3-8252-3190-3},
 series = {UTB , ISSN 0340-7225}
}


@book{112,
 year = {2009},
 title = {IEEE International Conference on Pervasive Computing and Communications, 2009},
 address = {Piscataway and NJ},
 publisher = {IEEE},
 isbn = {978-1-424-43303-2}
}


@book{62,
 year = {2010},
 title = {Evaluation : eine Einf{\"u}hrung},
 address = {Opladen [u.a.]},
 publisher = {Budrich},
 isbn = {978-3-8252-8337-7},
 series = {UTB , ISSN 0340-7225}
}


@proceedings{135,
 year = {2011},
 title = {Int. Conf. on E-Learning; Honolulu}
}


@book{33,
 year = {2010},
 title = {V-Learning},
 publisher = {Springer Netherlands},
 isbn = {978-90-481-3627-8}
}


@book{127,
 year = {1991},
 title = {Neue Studie zur Bildungstheorie und Didaktik: Zeitgem{\"a}{\ss}e Allgemeinbildung und kritisch- konstruktive Didaktik},
 address = {Weinheim}
}


@misc{115,
 title = {Streetlearn {\flqq} Innovatieregelingen 2011},
 url = {\url{http://www.innovatieregeling.nl/category/nieuwe-videotoepassingen/streetlearn/}},
 urldate = {19.04.2012}
}


@book{97,
 year = {2000},
 title = {Qualit{\"a}tsbeurteilung multimedialer Lern- und Informationssysteme},
 address = {N{\"u}rnberg},
 publisher = {BW, Bildung und Wiss., Verl. und Software},
 isbn = {3-8214-7020-8}
}


@proceedings{12,
 year = {2008},
 title = {Proceedings of the 10th International Conference on Information Integration and Web-based Applications {\&} Services},
 address = {New York and NY and USA},
 publisher = {ACM},
 isbn = {978-1-60558-349-5},
 series = {iiWAS '08}
}


@proceedings{38,
 year = {2004},
 title = {Extended abstracts of the 2004 conference on Human factors and computing systems  - CHI '04},
 publisher = {ACM Press},
 isbn = {1581137036}
}


@incollection{AlkeMartens.G,
 abstract = {Game-based Learning und Edutainment sind aktuelle Schlagworte im Bereich der Hochschulausbildung. Zun{\"a}chst verbindet man damit die Integration einer Spiel- und Spa{\ss}kultur in die herk{\"o}mmlichen Lehrveranstaltungen wie Vorlesungen, {\"U}bungen, Praktika und Seminare. Die nachfolgenden Ausf{\"u}hrungen gehen einer genaueren Begriffsanalyse nach und untersuchen, ob Game-based Learning und Edutainment tats{\"a}chlich neuartige Unterrichtsformen erfordern oder neue didaktische {\"U}berlegungen in bestehendes Unterrichtsgeschehen bringen - oder ob es nicht doch an einigen Stellen {\dq}alter Wein in neuen Schl{\"a}uchen{\grqq} ist.},
 author = {{Alke Martens}},
 title = {Game-based Learning: Der Prof. mit der Pappnase?}
}


@article{Amory.1999T,
 author = {Amory, Alan and Naicker, Kevin and Vincent, Jacky and Adams, Claudia},
 year = {1999},
 title = {The use of computer games as an educational tool: identification of appropriate game types and game elements},
 pages = {311--321},
 volume = {30},
 number = {4},
 issn = {0007-1013},
 journal = {British Journal of Educational Technology},
 doi = {\url{10.1111/1467-8535.00121}}
}


@book{Anderson.20076K,
 abstract = {{\dq}Der Anderson{\dq} ist f{\"u}r Psychologie-Studenten das Standard-Lehrbuch zur kognitiven Psychologie. Es bietet einen systematisch und umfassend angelegten {\"U}berblick {\"u}ber wesentliche Fragestellungen sowie grundlegende Forschungsans{\"a}tze und -ergebnisse des Faches. Mit klarem Aufbau, zahlreichen erl{\"a}uternden Illustrationen, Zusammenfassungen nach jedem Kapitel, kommentierten und um deutschsprachige Titel erg{\"a}nzten Literaturhinweisen und einem ausf{\"u}hrlichen Glossar. Diese durchgehend aktualisierte Auflage folgt der 6. amerikanischen Auflage (eine 4. und 5. Auflage sind in Deutsch nicht erschienen, die 2001 erschienene 3. Auflage wurde hier nicht angezeigt, zur 2. Auflage vgl. ID 3/97). (3)},
 author = {Anderson, John R. and Funke, Joachim and Plata, Guido},
 year = {2007},
 title = {Kognitive Psychologie},
 price = {EUR 44.95},
 keywords = {Cognition;Textbooks;Cognitive psychology},
 address = {Berlin},
 edition = {6},
 publisher = {Spektrum Akadem. Verl},
 isbn = {9783827417435}
}


@book{Angerer.2010U,
 author = {Angerer, Harald and Bronkhorst, John and Eichelberger, Harald and Henning, G{\"u}nther and Hungs, Edgar and Kock, Renate and Kohlberg, Wolf Dieter and Kuppens, Georges and Laner, Christian and Stary, Christian},
 year = {2010},
 title = {Unterrichtsentwicklung via eLearning},
 keywords = {Lehrer;Weiterbildung;E-Learning;Mathetik;Lehrerfortbildung;Computerunterst{\"u}tzter Unterricht;Computerunterst{\"u}tztes Lernen},
 address = {M{\"u}nchen},
 publisher = {Oldenbourg},
 isbn = {3486589695}
}


@incollection{Annetta.2010S,
 author = {Annetta, Leonard A. and Folta, Elizabeth and Klesath, Marta},
 title = {Serious Games, Simulations, and Case-Based Reasoning},
 pages = {57--69},
 publisher = {Springer Netherlands},
 isbn = {978-90-481-3627-8},
 booktitle = {V-Learning},
 year = {2010},
 doi = {\url{10.1007/978-90-481-3627-8_5}}
}


@book{Arnold.2006e,
 author = {Arnold, Rolf and Lermen, Markus},
 year = {2006},
 title = {eLearning-Didaktik},
 price = {EUR 19.80, sfr 34.80},
 address = {Baltmannsweiler},
 volume = {48},
 publisher = {Schneider},
 isbn = {9783834001122},
 series = {Grundlagen der Berufs- und Erwachsenenbildung}
}


@book{Batinic.2007E,
 year = {2007},
 title = {E-Learning, digitale Medien und lebenslanges Lernen},
 keywords = {E-Learning;Lebenslanges Lernen;Betriebliche Fortbildung;Computerunterst{\"u}tztes Lernen;Betriebliche Weiterbildung},
 address = {Linz},
 publisher = {Trauner},
 isbn = {3854993005},
 editor = {Batinic, Bernad}
}


@book{Baumgartner.2007U,
 year = {2007},
 title = {{\"U}berwindung von Schranken durch E-Learning},
 address = {Innsbruck u.a},
 publisher = {Studien-Verl.},
 isbn = {3-7065-4496-2},
 editor = {Baumgartner, Peter}
}


@book{Bremer.2010L,
 year = {2010},
 title = {Landesinitiativen f{\"u}r E-Learning an deutschen Hochschulen},
 keywords = {Paperback / softback;Multimedia Kontor Hamburg;ELearning Hessen;eteaching.org;ELearning NRW;Virtuelle Campus Rheinland.Pfalz;ELAN e.V;Bildungsportal Sachsen;Bildungsportal Th{\"u}ringen;Medien und Umweltp{\"a}dagogik;Deutschland;Hochschule;ELearning;Aufsatzsammlung},
 address = {M{\"u}nster},
 volume = {57},
 publisher = {Waxmann},
 isbn = {978-3-8309-2393-0},
 series = {Medien in der Wissenschaft},
 editor = {Bremer, Claudia}
}


@book{Brunken.2004I,
 author = {Br{\"u}nken, Roland and Leutner, Detlev and Niegemann, Helmut},
 year = {2004},
 title = {Instructional design for multimedia learning: Proceedings of the 5th International Workshop of SIG 6 Instructional Design of the European Association for Research on Learning and Instruction (EARLI), June 27 - 29, 2002 in Erfurt},
 address = {M{\"u}nster [u.a.]},
 publisher = {Waxmann},
 isbn = {3830913842},
 institution = {{International Workshop of SIG 6 Instructional Design of the European Association for Research on Learning and Instruction (EARLI)}}
}


@article{Chen.2003H,
 author = {Chen, Mark},
 year = {2003},
 title = {Histories of Computer Games and Educational Software},
 pages = {115--116},
 volume = {4},
 number = {1},
 journal = {History}
}


@article{Christensen.2005S,
 author = {Christensen, Bent Guldbjerg and Hansen, Frank Allan and Nielsen, Kasper Ligaard},
 year = {2005},
 title = {Supporting Mobile and Nomadic Learning},
 journal = {WWW'05 Workshop Proceedings of the 14th international conference on World Wide Web}
}


@book{ComputerSociety.2005P,
 year = {2005},
 title = {Proceedings, Third IEEE International Conference on Pervasive Computing and Communications workshops, PerCom 2005 workshops: 8 - 12 March 2005, Kauai Island, Hawaii},
 url = {\url{http://ieeexplore.ieee.org/servlet/opac?punumber=9593}},
 keywords = {Ubiquitous computing;Congresses},
 address = {Los Alamitos and Calif},
 publisher = {IEEE Computer Society},
 isbn = {0769523005},
 institution = {{Computer Society} and {University of Texas} and {IEEE International Conference on Pervasive Computing and Communications} and {PerCom 2005}}
}


@book{ComputerSociety.2005T,
 year = {2005},
 title = {Third IEEE International Conference on Pervasive Computing and Communications workshops, 2005: PerCom 2005 workshops ; 08 - 12 March 2005, [Kauai Island, Hawaii ; proceedings]},
 url = {\url{http://ieeexplore.ieee.org/servlet/opac?punumber=9593}},
 address = {Los Alamitos and Calif},
 publisher = {IEEE Computer Society},
 isbn = {0769523005},
 institution = {{Computer Society} and {University of Texas} and {IEEE International Conference on Pervasive Computing and Communications} and {PerCom 2005}}
}


@article{DiGiuseppe.2006S,
 author = {Di Giuseppe, O. and Fulantelli, G. and Gentile, M. and Seta, L. and Taibi, D.},
 year = {2006},
 title = {Supporting Situated Learning through Mobile},
 pages = {269 273},
 volume = {2},
 journal = {IADAT Journal of Advanced Technology}
}


@book{DominikPetko.M,
 year = {2011},
 title = {Medienbildung und Medienkompetenz: Beitr{\"a}ge zu Schl{\"u}sselbegriffen der Medienp{\"a}dagogik},
 address = {M{\"u}nchen},
 publisher = {kopaed},
 isbn = {9783867362054},
 editor = {{Heinz Moser}}
}


@incollection{DominikPietko.2011A,
 author = {{Dominik Pietko}},
 title = {Ans{\"a}tze f{\"u}r einen empirischen Perspektivenwechsel},
 pages = {245--259},
 publisher = {kopaed},
 isbn = {9783867362054},
 editor = {{Heinz Moser}},
 booktitle = {Medienbildung und Medienkompetenz},
 year = {2011},
 address = {M{\"u}nchen}
}


@misc{Dr.phil.AndreaHelbach.2009E,
 author = {{Dr. phil. Andrea Helbach}},
 year = {2009},
 title = {E-Learning aus der Sicht der Studierenden},
 url = {\url{http://www.elearning.zfh.ch}}
}


@book{Draschoff.2000L,
 author = {Draschoff, Sonja},
 year = {2000},
 title = {Lernen am Computer durch Konfliktinduzierung : Gestaltungsempfehlungen und Evaluationsstudie zum interaktiven computerunterst{\"u}tzten Lernen},
 address = {M{\"u}nster [u.a.]},
 publisher = {Waxmann},
 isbn = {3-89325-924-4},
 series = {P{\"a}dagogische Psychologie und Entwicklungspsychologie , ISSN 1430-2977}
}


@inproceedings{DykstraErickson.2004M,
 author = {Dykstra-Erickson, Elizabeth and Tscheligi, Manfred and Lee, Jeremy and Luchini, Kathleen and Michael, Benjamin and Norris, Cathie and Soloway, Elliot},
 title = {More than just fun and games},
 pages = {1375},
 publisher = {ACM Press},
 isbn = {1581137036},
 booktitle = {Extended abstracts of the 2004 conference on Human factors and computing systems  - CHI '04},
 year = {2004},
 doi = {\url{10.1145/985921.986068}}
}


@book{Edegger.2008P,
 author = {Edegger, Francika},
 year = {2008},
 title = {Pervasive Gaming als ein neuer Weg zur Beeinflussung von Denken und Handeln: Eine Anwendung im Lernkontext},
 keywords = {Business Information Systems;Economics;Economics/Management Science;Management information systems},
 address = {Wiesbaden},
 publisher = {Betriebswirtschaftlicher Verlag Dr. Th. Gabler / GWV Fachverlage GmbH Wiesbaden},
 isbn = {978-3-8349-9691-6}
}


@article{Egenfeldtnielsen.2003M,
 author = {Egenfeldt-nielsen, Scholar Simon},
 year = {2003},
 title = {Making sweet music : The Educational Use of Computer Games},
 pages = {1--13},
 journal = {Training}
}


@article{EgenfeldtNielsen.2007T,
 author = {Egenfeldt-Nielsen, Simon},
 year = {2007},
 title = {Third Generation Educational Use of Computer Games},
 pages = {263--281},
 volume = {16},
 number = {3},
 journal = {Journal of Educational Multimedia and Hypermedia}
}


@book{Ehlers.2004E,
 author = {Ehlers, Ulf-Daniel},
 year = {2004},
 title = {E-Learning services in the crossfire: Pedagogy, economy and technology ; L3 - life-long learning in future educational networks},
 price = {EUR 29.90},
 address = {Bielefeld},
 publisher = {Bertelsmann},
 isbn = {3763910247},
 series = {Federal Institut for Vocational Training publication},
 institution = {{Bundesinstitut f{\"u}r Berufsbildung}}
}


@book{Ehlers.2006H,
 author = {Ehlers, Ulf-Daniel},
 year = {2006},
 title = {Handbook on quality and standardisation in E-Learning: With ... 51 tables},
 keywords = {ELearning},
 address = {Berlin},
 publisher = {Springer},
 isbn = {978-3-540-32787-5}
}


@book{Ehlers.2006Hb,
 author = {Ehlers, Ulf-Daniel and Pawlowski, Jan Martin},
 year = {2006},
 title = {Handbook on quality and standardisation in e-learning ; with ... 51 Tab},
 url = {\url{http://deposit.ddb.de/cgi-bin/dokserv?id=2780347&prov=M&dok_var=1&dok_ext=htm}},
 price = {EUR 149.75 (freier Pr.)},
 keywords = {Computer-assisted instruction;Standards;Handbooks, manuals, etc;Web-based instruction;Educational technology},
 address = {Berlin},
 publisher = {Springer},
 isbn = {9783540327875}
}


@book{Ehlers.20112.uberarbeiteteundaktualisierteAuflage.Q,
 author = {Ehlers, Ulf-Daniel},
 year = {2011},
 title = {Qualit{\"a}t im E-Learning aus Lernersicht},
 url = {\url{http://dx.doi.org/10.1007/978-3-531-93070-1}},
 keywords = {Education;Sociology},
 address = {Wiesbaden},
 edition = {2., {\"u}berarbeitete und aktualisierte Auflage.},
 volume = {15},
 publisher = {VS Verl. f{\"u}r Sozialwiss},
 isbn = {978-3-531-93070-1},
 series = {Medienbildung und Gesellschaft}
}


@book{Entwistle.1993ReprintedS,
 author = {Entwistle, Noel James},
 year = {1993},
 title = {Styles of learning and teaching: An integrated outline of educational psychology for students, teachers, and lecturers},
 address = {London},
 edition = {Reprinted},
 publisher = {Fulton},
 isbn = {1-85346-104-0}
}


@article{Feiner.1993K,
 author = {Feiner, Steven and Macintyre, Blair and Seligmann, Dor{\'e}e},
 year = {1993},
 title = {Knowledge-based augmented reality},
 pages = {53--62},
 volume = {36},
 number = {7},
 issn = {00010782},
 journal = {Communications of the ACM},
 doi = {\url{10.1145/159544.159587}}
}


@article{Fisch.2005M,
 author = {Fisch, Shalom M},
 year = {2005},
 title = {Making educational computer games {\dq}educational{\dq}},
 pages = {56--61},
 number = {1},
 journal = {Proceeding of the 2005 conference on Interaction design and children IDC 05},
 doi = {\url{10.1145/1109540.1109548}}
}


@article{Forbis.1983D,
 author = {Forbis},
 year = {1983},
 title = {Designing educational computer games.},
 pages = {15--18},
 volume = {14},
 number = {6},
 journal = {Health Education}
}


@book{FranzJosefRoll.2003P,
 author = {{Franz Josef R{\"o}ll}},
 year = {2003},
 title = {P{\"a}dagogik der Navigation: Selbstgesteuertes Lernen durch Neue Medien},
 address = {M{\"u}nchen},
 publisher = {kopaed},
 isbn = {393568651X}
}


@book{Friedrich.2000Q,
 author = {Friedrich, Helmut Felix},
 year = {2000},
 title = {Qualit{\"a}tsbeurteilung multimedialer Lern- und Informationssysteme: Evaluationsmethoden auf dem Pr{\"u}fstand ; Rezension},
 address = {[Bonn]},
 publisher = {Dt. Inst. f{\"u}r Erwachsenenbildung}
}


@article{Galarneau.2005A,
 author = {Galarneau, Lisa},
 year = {2005},
 title = {Authentic Learning Experiences Through Play : Games , Simulations and the Construction of Knowledge},
 journal = {Learning}
}


@article{GalleN.2010T,
 author = {Galle N, R C},
 year = {2010},
 title = {TOWARDS E-LEARNING QUALITY A Proposal of e-Learning Quality Model},
 pages = {455--460},
 number = {vol.2},
 journal = {Framework}
}


@article{Games.2007E,
 author = {Games, Educational},
 year = {2007},
 title = {Educational Games},
 pages = {31--35},
 volume = {4},
 number = {3},
 journal = {Phi Delta Kappan},
 doi = {\url{10.1007/BF02333107}}
}


@article{Gary.2010T,
 author = {Gary, Supervisors},
 year = {2010},
 title = {Towards Better Gameplay in Educational Computer Games},
 number = {December},
 journal = {Science}
}


@book{Graber.1990D,
 author = {Gr{\"a}ber, Wolfgang},
 year = {1990},
 title = {Das Instrument MEDA: Ein Verfahren zur Beschreibung, Analyse und Bewertung von Lernprogrammen},
 keywords = {MEDA;Aufsatzsammlung;Lernprogramm;Bewertung},
 address = {Kiel},
 publisher = {Inst. f{\"u}r die P{\"a}dagogik der Naturwiss},
 isbn = {3-89088-049-5},
 series = {IPN-Materialien}
}


@book{Gudjons.19937D,
 author = {Gudjons, Herbert and Klafki, Wolfgang},
 year = {1993},
 title = {Didaktische Theorien},
 address = {Hamburg},
 edition = {7},
 volume = {1},
 publisher = {Bergmann + Helbig},
 isbn = {3-925836-00-4},
 series = {WPB-B{\"u}cher}
}


@book{Gudjons.199910D,
 year = {1999},
 title = {Didaktische Theorien},
 address = {Hamburg},
 edition = {10},
 volume = {1},
 publisher = {Bergmann + Helbig},
 isbn = {3-925836-35-7},
 series = {PB-Buch},
 editor = {Gudjons, Herbert and Klafki, Wolfgang}
}


@book{Holten.2010erschienen2009E,
 author = {Holten, Roland and Nittel, Dieter},
 year = {2010 [erschienen] 2009},
 title = {E-Learning in Hochschule und Weiterbildung: Einsatzchancen und Erfahrungen},
 keywords = {E-Learning;Hochschule;Weiterbildung;Computerunterst{\"u}tztes Lernen},
 address = {Bielefeld},
 publisher = {Bertelsmann},
 isbn = {3763933433}
}


@book{Hutchison.2011L,
 author = {Hutchison, David and Kanade, Takeo and Kittler, Josef and Kleinberg, Jon M. and Mattern, Friedemann and Mitchell, John C. and Naor, Moni and Nierstrasz, Oscar and Pandu Rangan, C. and Steffen, Bernhard and Sudan, Madhu and Terzopoulos, Demetri and Tygar, Doug and Vardi, Moshe Y. and Weikum, Gerhard and Chang, Maiga and Hwang, Wu-Yuin and Chen, Ming-Puu and M{\"u}ller, Wolfgang},
 year = {2011},
 title = {Lecture Notes in Computer Science},
 address = {Berlin and Heidelberg},
 volume = {6872},
 publisher = {Springer Berlin Heidelberg},
 isbn = {978-3-642-23455-2},
 doi = {\url{10.1007/978-3-642-23456-9}}
}


@book{Ifenthaler.2008U,
 author = {Ifenthaler, Dirk and Seel, Norbert M.},
 year = {2008},
 title = {Understanding models for learning and instruction: Essays in honor of Norbert M. Seel},
 keywords = {Unterrichtsforschung;Aufsatzsammlung},
 address = {Berlin},
 publisher = {Springer},
 isbn = {0-387-76897-1}
}


@book{Issing.2009O,
 author = {Issing, Ludwig J.},
 year = {2009},
 title = {Online-Lernen: Handbuch f{\"u}r Wissenschaft und Praxis},
 keywords = {ELearning;World Wide Web 2.0;Lernpsychologie;Aufsatzsammlung},
 address = {M{\"u}nchen},
 publisher = {Oldenbourg},
 isbn = {978-3-486-58867-5}
}


@book{Jank.201110D,
 author = {Jank, Werner and Meyer, Hilbert},
 year = {2011},
 title = {Didaktische Modelle},
 address = {Berlin},
 edition = {10},
 publisher = {Cornelsen Scriptor},
 isbn = {9783589215669}
}


@article{Jegers.2007P,
 author = {Jegers, Kalle},
 year = {2007},
 title = {Pervasive game flow},
 pages = {9},
 volume = {5},
 number = {1},
 issn = {15443574},
 journal = {Computers in Entertainment},
 doi = {\url{10.1145/1236224.1236238}}
}


@incollection{JohannaBraukmann.2010S,
 author = {Johanna Braukmann, Julia H{\"u}bsch},
 title = {Sind Planspiele als Trainingsmethode wirksam? Ein qualitativer Ansatz zur Evaluierung planspielbasierter Trainingskonzepte},
 volume = {1},
 publisher = {Books on Demand},
 isbn = {978-3-8391-8326-7},
 series = {ZMS-Schriftenreihe},
 editor = {Trautwein, Friedrich and Hitzler, Sebastian and Z{\"u}rn, Birgit},
 booktitle = {Planspiele},
 year = {2010},
 address = {Norderstedt}
}


@misc{JulianDehne.201204.03.2013E,
 author = {{Julian Dehne}},
 year = {2012},
 title = {Evaluation pervasiver Lernspiele},
 note = {\url{http://apache.cs.uni-potsdam.de/de/profs/ifi/mm/studentische-arbeiten/Dehne2012.pdf}},
 address = {Lehrstuhl f{\"u}r komplexe multimedale Anwendungssysteme},
 urldate = {04.03.2013}
}


@book{Kramer.20081M,
 year = {2008},
 title = {Medienpsychologie: Schl{\"u}sselbegriffe und Konzepte},
 keywords = {Medien;Psychologie;Lehrbuch},
 address = {Stuttgart},
 edition = {1},
 publisher = {Kohlhammer},
 isbn = {3-17-020112-3},
 editor = {Kr{\"a}mer, Nicole C.}
}


@book{Kuckartz.20072Q,
 author = {Kuckartz, Udo},
 year = {2007},
 title = {Qualitative Datenanalyse: computergest{\"u}tzt: Methodische Hintergr{\"u}nde und Beispiele aus der Forschungspraxis},
 keywords = {Qualitative Daten;Datenanalyse;Computerunterst{\"u}tztes Verfahren},
 address = {Wiesbaden},
 edition = {2},
 publisher = {VS, Verl. f{\"u}r Sozialwissenschaften},
 isbn = {3531342487}
}


@book{Kummer.1991C,
 abstract = {Interessant!!},
 author = {Kummer, Rudiger R.},
 year = {1991},
 title = {Computersimulation in der Berufsschule: Entwicklung und Evaluation eines Konzepts zur Forderung kognitiver Komplexitat im Politik- und Wirtschaftslehre-Unterricht},
 keywords = {Computersimulation;Politischer Unterricht;Berufsschule;Wirtschaftslehre},
 address = {Frankfurt am Main u.a},
 volume = {2},
 publisher = {Lang},
 series = {Konzepte des Lehrens und Lernens}
}


@book{Mandl.2000V,
 author = {Mandl, Heinz and Reinmann-Rothmeier, Gabi},
 year = {2000},
 title = {Vom Qualit{\"a}tsbewu{\ss}tsein {\"u}ber Selbstevaluation und ma{\ss}geschneidertes Vorgehen zur Transfersicherung},
 address = {N{\"u}rnberg},
 publisher = {BW Bildung und Wissen}
}


@book{Mandl.2006H,
 year = {2006},
 title = {Handbuch Lernstrategien},
 price = {EUR 36.95},
 keywords = {Learning;Learning, psychology of},
 address = {G{\"o}ttingen},
 publisher = {Hogrefe},
 isbn = {3801718131},
 editor = {Mandl, Heinz and Friedrich, Helmut Felix}
}


@inproceedings{Massoth.2008T,
 author = {Massoth, Michael and Korn, Roman},
 title = {The IP multimedia subsystem with an e-learning management system and integrated video conferencing},
 url = {\url{http://doi.acm.org/10.1145/1497308.1497434}},
 keywords = {IP multimedia subsystem (IMS), Moodle, e-learning management system (LMS), next generation networks (NGN), session initiation protocol (SIP), video conference, voice over IP (VoIP)},
 pages = {655--658},
 publisher = {ACM},
 isbn = {978-1-60558-349-5},
 series = {iiWAS '08},
 booktitle = {Proceedings of the 10th International Conference on Information Integration and Web-based Applications {\&} Services},
 year = {2008},
 address = {New York and NY and USA},
 doi = {\url{10.1145/1497308.1497434}}
}


@book{Mayer.20079M,
 author = {Mayer, Richard E.},
 year = {2007},
 title = {Multimedia learning},
 address = {Cambridge [u.a.]},
 edition = {9},
 publisher = {Cambridge Univ. Press},
 isbn = {978-0-521-78239-5}
}


@book{Mayr.2009E,
 author = {Mayr, Kerstin and Resinger, Paul Josef and Schratz, Michael},
 year = {2009},
 title = {E-Learning im Schulalltag: Eine Studie zum Einsatz moderner Informations- und Kommunikationstechnologien im Unterricht},
 keywords = {E-Learning;Unterricht;Alltag;Computerunterst{\"u}tzter Unterricht;Computerunterst{\"u}tztes Lernen},
 address = {Bad Heilbrunn},
 publisher = {Klinkhardt},
 isbn = {378151630X}
}


@book{Meyer.2008E,
 author = {Meyer, Jens},
 year = {2008},
 title = {Evaluation von E-Learning aus erwachsenenp{\"a}dagogischer Perspektive},
 keywords = {Bestellliste},
 address = {M{\"u}nchen},
 publisher = {GRIN Verlag GmbH},
 isbn = {3638923037}
}


@misc{MitchelResnick.,
 author = {{Mitchel Resnick}},
 year = {2006},
 title = {Sowing the Seeds for a more Creative Society: TexTalks},
 url = {\url{http://video.google.com/videoplay?docid=-6387780251240071146}}
}


@inproceedings{Moebert.2011A,
 author = {Moebert, Tobias and Lucke, Ulrike and Zender, Raphael},
 title = {A Pervasive Educational Game on Pervasive Computer Network},
 booktitle = {Int. Conf. on E-Learning; Honolulu},
 year = {2011}
}


@article{Montero.2009e,
 author = {Montero, Francisco and L{\'o}pez Jaquero, V{\'i}ctor},
 year = {2009},
 title = {eLearniXML: Towards a model-based approach for the development of e-Learning systems considering quality},
 pages = {1297--1305},
 volume = {40},
 number = {12},
 journal = {Advances in Engineering Software},
 doi = {\url{10.1016/j.advengsoft.2009.01.019}}
}


@book{Niegemann.2004K,
 author = {Niegemann, Helmut M.},
 year = {2004},
 title = {Kompendium E-Learning},
 price = {EUR 49.95},
 address = {Berlin},
 publisher = {Springer},
 isbn = {9783540438168},
 series = {X.media.press}
}


@article{Petrovic.2008E,
 author = {Petrovic, Otto and Edegger, Francika and Kittl, Christian and Edegger, Bernhard},
 year = {2008},
 title = {Entwicklung und Evaluierung einer Interaktionsplattform f{\"u}r massentaugliche Pervasive Games},
 pages = {282--291},
 volume = {50},
 issn = {0937-6429},
 journal = {WIRTSCHAFTSINFORMATIK},
 doi = {\url{10.1365/s11576-008-0061-x}}
}


@book{ReinmannRothmeier.2000B,
 author = {Reinmann-Rothmeier, Gabi and Mandl, Heinz},
 year = {2000},
 title = {Bedarfs- und implementationsorientierte Evaluation von Lernsoftware: Eine Feldstudie mit Meistern und Technikersch{\"u}lern},
 address = {N{\"u}rnberg},
 publisher = {BW Bildung und Wissen}
}


@article{Renzi.2011D,
 author = {Renzi, Stefano},
 year = {2011},
 title = {Differences in university teaching after learning management system adoption: an explanatory model based on Ajzen's theory of planned behavior (by Stefano Renzi with Danielle H. Lee as Coordinator)},
 url = {\url{http://doi.acm.org/10.1145/1980002.1980006}},
 pages = {4:1--4:4},
 issn = {1931-1745},
 journal = {SIGWEB Newsl},
 doi = {\url{10.1145/1980002.1980006}}
}


@misc{RolfSchulmeister.G,
 author = {{Rolf Schulmeister}},
 title = {Gibt es eine Net-Generation},
 url = {\url{http://www.zhw.uni-hamburg.de/uploads/schulmeister-net-generation_v2.pdf}},
 urldate = {31.10.2011}
}


@book{Schenkel.2000Q,
 abstract = {Am Beispiel des Lern- und Informationssystems {\dq}IKTH-Informations- und Kommunikationstechniken im Handwerk{\dq} wurde im Auftrag des Bundesinstituts f{\"u}r Berufsbildung (BIBB) eine umfassende und vergleichende Qualit{\"a}tsanalyse vorgenommen. Ziel dieser exemplarischen Qualit{\"a}tsanalyse war nicht nur die Beurteilung von IKTH, sondern vor allem auch der Vergleich von Bewertungsmethoden - wie Kriterienkatalogen, Expertentrainings oder Nutzerbefragungen - hinsichtlich ihrer Handhabbarkeit und N{\"u}tzlichkeit. In 14 eigenst{\"a}ndigen wissenschaftlichen Beitr{\"a}gen dokumentiert das Expertenteam, das diese Untersuchung durchf{\"u}hrte, im vorliegenden Buch seine Ergebnisse. In einem f{\"u}nf Kapitel umfassenden Einf{\"u}hrungsteil werden grundlegende Fachbegriffe, Fragen und Probleme der Qualit{\"a}tsbeurteilung allgemein und speziell von Lern- und Informationssoftware erl{\"a}utert. Weitere neun Beitr{\"a}ge stellen die angewendeten Bewertungsmethoden und die damit erzielten Ergebnisse in einem kritischen Vergleich vor.},
 year = {2000},
 title = {Qualit{\"a}tsbeurteilung multimedialer Lern- und Informationssysteme: Evaluationsmethoden auf dem Pr{\"u}fstand},
 keywords = {Lernprogramm;Berufliche Fortbildung;Qualit{\"a}t;Evaluation;Lernsoftware;Computerunterst{\"u}tztes Lernen},
 address = {N{\"u}rnberg},
 publisher = {BW Bildung und Wissen Verlag und Software},
 isbn = {9783821470207},
 editor = {Schenkel, Peter}
}


@article{Schmitz.2010S,
 author = {Schmitz, Birgit},
 year = {2010},
 title = {Supporting knowledge construction with mobile learning games},
 pages = {85--90},
 journal = {Learning}
}


@book{Schulmeister.20023G,
 author = {Schulmeister, Rolf},
 year = {2002},
 title = {Grundlagen hypermedialer Lernsysteme : Theorie - Didaktik - Design},
 address = {M{\"u}nchen [u.a.]},
 edition = {3},
 publisher = {Oldenbourg},
 isbn = {3-486-25864-8}
}


@book{Schulmeister.2006e,
 author = {Schulmeister, Rolf},
 year = {2006},
 title = {eLearning: Einsichten und Aussichten},
 address = {M{\"u}nchen [u.a.]},
 publisher = {Oldenbourg},
 isbn = {3-486-58003-5}
}


@incollection{SigmarOlafTergan.2000B,
 author = {{Sigmar-Olaf Tergan}},
 title = {Bildungssoftware im Urteil von Experten: 10+1 Leitfragen zur Evaluation},
 pages = {137--163},
 publisher = {BW Bildung und Wissen Verlag und Software},
 isbn = {9783821470207},
 editor = {Schenkel, Peter},
 booktitle = {Qualit{\"a}tsbeurteilung multimedialer Lern- und Informationssysteme},
 year = {2000},
 address = {N{\"u}rnberg}
}


@incollection{SigmarOlafTergan.2006I,
 author = {{Sigmar-Olaf Tergan}},
 title = {Individuelles Wissens- und Informationsmanagement mit Concept Maps beim ressourcenbasierten Lernen},
 pages = {307--321},
 publisher = {Hogrefe},
 isbn = {3801718131},
 editor = {Mandl, Heinz and Friedrich, Helmut Felix},
 booktitle = {Handbuch Lernstrategien},
 year = {2006},
 address = {G{\"o}ttingen}
}


@misc{SimonEgenfeldtNielsen.2006M,
 author = {{Simon Egenfeldt-Nielsen}},
 year = {2006},
 title = {Making sweet music: The Educational Use of Computer Games},
 url = {\url{http://scholar.google.de/scholar?hl=de&q=Nielson+Making+sweet+music&btnG=Suche&lr=&as_ylo=&as_vis=0}},
 urldate = {12.03.2012}
}


@misc{TheNEWMEDIACONSORTIUM.201103.03.2011H,
 author = {{The NEW MEDIA CONSORTIUM}},
 year = {2011},
 title = {HORIZON REPORT},
 url = {\url{http://www.mmkh.de/upload/dokumente/2011-Horizon-Report_German.pdf}},
 urldate = {14.04.2012}
}


@incollection{Thomas.F,
 author = {Thomas, S.},
 title = {From Theory to Practice: On Designing a Pervasive Learning Game},
 pages = {211--215}
}


@incollection{Thomas.P,
 author = {Thomas, S.},
 title = {Pervasive, Persuasive eLearning: Modeling the Pervasive Learning Space},
 pages = {332--336}
}


@book{Trautwein.2010P,
 year = {2010},
 title = {Planspiele: Entwicklungen und Perspektiven : R{\"u}ckblick auf den Deutschen Planspielpreis 2010},
 price = {EUR 24.90 (DE), sfr 41.50 (freier Pr.)},
 address = {Norderstedt},
 volume = {1},
 publisher = {Books on Demand},
 isbn = {978-3-8391-8326-7},
 series = {ZMS-Schriftenreihe},
 editor = {Trautwein, Friedrich and Hitzler, Sebastian and Z{\"u}rn, Birgit}
}


@book{Tulodziecki.2010M,
 author = {Tulodziecki, Gerhard},
 year = {2010},
 title = {Medienbildung in Schule und Unterricht: Grundlagen und Beispiele},
 keywords = {Medienp{\"a}dagogik;Medienkompetenz},
 address = {Bad Heilbrunn},
 volume = {3414},
 publisher = {Klinkhardt [u.a.]},
 isbn = {978-3-8252-3414-0},
 series = {UTB}
}


@book{Winteler.20083.Aufl.(Nachdr.der2.durchges.Aufl.)P,
 author = {Winteler, Adi and Bartscherer, Hans-Christoph},
 year = {2008},
 title = {Professionell lehren und lernen: Ein Praxisbuch},
 price = {EUR 29,90},
 keywords = {Learning, psychology of;Psychology, educational;Teaching},
 address = {Darmstadt},
 edition = {3. Aufl. (Nachdr. der 2., durchges. Aufl.)},
 publisher = {Wiss. Buchges},
 isbn = {9783534172580}
}


@book{Witt.2007M,
 author = {Witt, Claudia de},
 year = {2007},
 title = {Mediendidaktik},
 address = {Bielefeld},
 publisher = {wbv, Bertelsmann},
 isbn = {3-7639-1914-7}
}


@incollection{WolfgangKlafki.K,
 author = {{Wolfgang Klafki}},
 title = {Konturen eines neuen Allgemeinbildungskonzepts},
 pages = {43--81},
 booktitle = {Neue Studie zur Bildungstheorie und Didaktik},
 year = {1991},
 address = {Weinheim}
}


@incollection{Zender.2009P,
 author = {Zender, Raphael and Dressler, Enrico and Lucke, Ulrike and Tavangarian, Djamshid},
 title = {Pervasive media and messaging services for immersive learning experiences},
 pages = {4912881-1-4912881-6},
 publisher = {IEEE},
 isbn = {978-1-424-43303-2},
 booktitle = {IEEE International Conference on Pervasive Computing and Communications, 2009},
 year = {2009},
 address = {Piscataway and NJ},
 doi = {\url{10.1109/PERCOM.2009.4912881}}
}


@incollection{Zimmer.2000D,
 author = {Zimmer, Gerhard and Brinkmann, Elena},
 title = {Der Lernerfolg bestimmt die Qualit{\"a}t einer Lernsoftware! Evaluation von Lernerfolg als logische Rekonstruktion von Handlungen},
 pages = {262--303},
 publisher = {BW, Bildung und Wiss., Verl. und Software},
 isbn = {3-8214-7020-8},
 booktitle = {Qualit{\"a}tsbeurteilung multimedialer Lern- und Informationssysteme},
 year = {2000},
 address = {N{\"u}rnberg}
}


@book{Zwingenberger.2009W,
 author = {Zwingenberger, Anja},
 year = {2009},
 title = {Wirksamkeit multimedialer Lernmaterialien: Kritische Bestandsaufnahme und Metaanalyse empirischer Evaluationsstudien},
 keywords = {Lernprogramm;Multimedia;Computerunterst{\"u}tztes Lernen;Evaluation;Metaanalyse;Schulbuch;Unterricht;Unterrichtstechnologie},
 address = {M{\"u}nster  and M{\"u}nchen},
 volume = {73},
 publisher = {Waxmann},
 isbn = {978-3-8309-2147-9},
 series = {P{\"a}dagogische Psychologie und Entwicklungspsychologie}
}


